<?xml version="1.0" encoding="UTF-8"?><collection xmlns="http://www.loc.gov/MARC21/slim"><record><leader>00597nam--2200193-i-4500</leader><controlfield tag="001">000030760</controlfield><controlfield tag="002">20161230</controlfield><controlfield tag="005">20161230201038</controlfield><controlfield tag="008">060222s1000------------r-----000-0-eng-d</controlfield><datafield ind1=" " ind2=" " tag="040"><subfield code="a">IFIN-HH</subfield></datafield><datafield ind1=" " ind2=" " tag="080"><subfield code="a">530.12:539.131</subfield></datafield><datafield ind1="1" ind2=" " tag="100"><subfield code="a">Rosser, M.G.V</subfield></datafield><datafield ind1="1" ind2="0" tag="245"><subfield code="a">The wykeham science series vol. 7. relativity and high energy physics</subfield><subfield code="c">M.g.v. rosser, r.k. mcculloch</subfield></datafield><datafield ind1=" " ind2=" " tag="260"><subfield code="a">London</subfield><subfield code="b">Wykeham Publishing Ltd</subfield><subfield code="c">1969</subfield></datafield><datafield ind1=" " ind2=" " tag="300"><subfield code="a">XI + 147P</subfield></datafield><datafield ind1=" " ind2=" " tag="490"><subfield code="a">The Wykeham Science Series For Schools And Universities</subfield></datafield><datafield ind1="1" ind2=" " tag="700"><subfield code="a">Mcculloch, R.K</subfield></datafield><datafield ind1=" " ind2=" " tag="852"><subfield code="a">32609</subfield><subfield code="c">53</subfield></datafield><datafield ind1=" " ind2=" " tag="CAT"><subfield code="a">Sys</subfield><subfield code="c">20150223</subfield><subfield code="h">114655</subfield></datafield></record></collection>